<?xml version="1.0" encoding="UTF-8"?>
<record xmlns="http://www.loc.gov/MARC21/slim">
   <leader>02662cam a2200397 a 4500</leader>
   <controlfield tag="001">3872866</controlfield>
   <controlfield tag="003">NjP</controlfield>
   <controlfield tag="005">20190705144336.0</controlfield>
   <controlfield tag="008">980928m18731876ti            000 0 ara d</controlfield>
   <datafield tag="024" ind1="7" ind2=" ">
      <subfield code="a">princeton_aco004642</subfield>
      <subfield code="2">local</subfield>
   </datafield>
   <datafield ind1=" " ind2=" " tag="040">
      <subfield code="a">MH</subfield>
      <subfield code="c">PUL</subfield>
      <subfield code="d">PUL</subfield>
   </datafield>
   <datafield ind1=" " ind2=" " tag="035">
      <subfield code="a">(CStRLIN)EGAG98-B3901</subfield>
   </datafield>
   <datafield ind1=" " ind2=" " tag="035">
      <subfield code="a">(NjP)3872866</subfield>
   </datafield>
   <datafield ind1=" " ind2=" " tag="090">
      <subfield code="a">PJ6101.U83</subfield>
      <subfield code="b">M35 1873</subfield>
   </datafield>
   <datafield ind1=" " ind2=" " tag="049">
      <subfield code="a">PULL</subfield>
   </datafield>
   <datafield ind1=" " ind2=" " tag="035">
      <subfield code="a">(OCoLC)ocm60506117</subfield>
   </datafield>
   <datafield ind1="1" ind2=" " tag="100">
      <subfield code="6">880-01</subfield>
      <subfield code="a">Tūnisī, Muḥammad ibn ʻAlī,</subfield>
      <subfield code="d">d. 1717 or 18.</subfield>
   </datafield>
   <datafield ind1="1" ind2="3" tag="245">
      <subfield code="6">880-02</subfield>
      <subfield code="a">al-Ḥāshīyah al-mawsūmah bi-ẓawāhir [i.e. bi-zawāhir] al-kawākib li-bawāhir al- mawākib ʻalá sharḥ Nūr al-Dīn Abī al-Ḥasan ʻAlī ibn Muḥammad al-Ushmūnī al-Shāfiʻī al-muʻanwan Manhaj al-sālik ilá alfīyat Ibn Mālik /</subfield>
      <subfield code="c">taʼlīf Abī ʻAbd Allāh Muḥammad ibn ʻAlī ibn Saʻīd al-Tūnisī al- Mālikī.</subfield>
   </datafield>
   <datafield ind1="3" ind2=" " tag="246">
      <subfield code="6">880-03</subfield>
      <subfield code="a">Zawāhir al-kawākib li-bawāhir al-mawākib</subfield>
   </datafield>
   <datafield ind1=" " ind2=" " tag="250">
      <subfield code="6">880-04</subfield>
      <subfield code="a">al-Ṭabʻah 1.</subfield>
   </datafield>
   <datafield ind1=" " ind2=" " tag="260">
      <subfield code="6">880-05</subfield>
      <subfield code="a">[Tunis] :</subfield>
      <subfield code="b">Maṭbaʻat al-Dawlah al-Tūnisīyah al-Maḥrūsah,</subfield>
      <subfield code="c">1290-1293 [1873-1876]</subfield>
   </datafield>
   <datafield ind1=" " ind2=" " tag="300">
      <subfield code="a">2 v. ;</subfield>
      <subfield code="c">31 cm.</subfield>
   </datafield>
   <datafield ind1="1" ind2="0" tag="600">
      <subfield code="6">880-06</subfield>
      <subfield code="a">Ushmūnī, ʻAlī ibn Muḥammad,</subfield>
      <subfield code="d">1435-1494 or 1495.</subfield>
      <subfield code="t">Manhaj al-Sālik ilá Alfīyat ibn Mālik.</subfield>
   </datafield>
   <datafield ind1=" " ind2="0" tag="650">
      <subfield code="a">Arabic language</subfield>
      <subfield code="x">Grammar.</subfield>
      <subfield code="0">http://id.loc.gov/authorities/subjects/sh86000279</subfield>
   </datafield>
   <datafield ind1="1" ind2="2" tag="700">
      <subfield code="6">880-07</subfield>
      <subfield code="a">Ushmūnī, ʻAlī ibn Muḥammad,</subfield>
      <subfield code="d">1435-1494 or 1495.</subfield>
      <subfield code="t">Manhaj al-Sālik ilá Alfīyat ibn Mālik.</subfield>
      <subfield code="0">http://id.loc.gov/authorities/names/n85091886</subfield>
   </datafield>
   <datafield ind1="4" ind2=" " tag="856">
      <subfield code="u">http://catalog.hathitrust.org/Record/008896378</subfield>
   </datafield>
   <datafield ind1="1" ind2=" " tag="880">
      <subfield code="6">100-01/r</subfield>
      <subfield code="a">تونسي، محمد بن علي،</subfield>
      <subfield code="d">d. 1717 or 18.</subfield>
   </datafield>
   <datafield ind1="1" ind2="2" tag="880">
      <subfield code="6">245-02/r</subfield>
      <subfield code="a">الحاشية الموسومة بظواهر [اي.. بزواهر] الكواكب لبواهر المواكب على شرح نور الدين ابي الحسن علي بن محمد الاشموني الشافعي المعنون منهج السالك الى الفية ابن مالك /</subfield>
      <subfield code="c">تأليف ابي عبد الله محمد بن علي بن سعيد التونسي المالكي.</subfield>
   </datafield>
   <datafield ind1="3" ind2=" " tag="880">
      <subfield code="6">246-03/r</subfield>
      <subfield code="a">زواهر الكواكب لبواهر المواكب</subfield>
   </datafield>
   <datafield ind1=" " ind2=" " tag="880">
      <subfield code="6">250-04/r</subfield>
      <subfield code="a">الطبعة 1.</subfield>
   </datafield>
   <datafield ind1=" " ind2=" " tag="880">
      <subfield code="6">260-05/r</subfield>
      <subfield code="a">[تونس] :</subfield>
      <subfield code="b">مطبعة الدولة التونسية المحروسة،</subfield>
      <subfield code="c">1290-1293 [1873-1876]</subfield>
   </datafield>
   <datafield ind1="1" ind2="4" tag="880">
      <subfield code="6">600-06/r</subfield>
      <subfield code="a">اشموني، علي بن محمد،</subfield>
      <subfield code="d">1435-1494 or 1495.</subfield>
      <subfield code="t">منهج السالك الى الفية بن مالك.</subfield>
   </datafield>
   <datafield ind1="1" ind2="2" tag="880">
      <subfield code="6">700-07/r</subfield>
      <subfield code="a">اشموني، علي بن محمد،</subfield>
      <subfield code="d">1435-1494 or 1495.</subfield>
      <subfield code="t">منهج السالك الى الفية بن مالك.</subfield>
   </datafield>
   <datafield ind1=" " ind2=" " tag="904">
      <subfield code="a">mv</subfield>
      <subfield code="b">m</subfield>
      <subfield code="h">m</subfield>
      <subfield code="c">t</subfield>
      <subfield code="e">20030407</subfield>
   </datafield>
   <datafield ind1=" " ind2=" " tag="998">
      <subfield code="s">9555</subfield>
   </datafield>
   <datafield ind1=" " ind2=" " tag="994">
      <subfield code="a">C0</subfield>
      <subfield code="b">PUL</subfield>
   </datafield>
   <datafield ind1=" " ind2=" " tag="999">
      <subfield code="a">3872866</subfield>
   </datafield>
   <datafield ind1=" " ind2=" " tag="979">
      <subfield code="a">(OCoLC)ocn178653717</subfield>
   </datafield>
   <datafield ind1="8" ind2=" " tag="852">
      <subfield code="0">4173310</subfield>
      <subfield code="b">rcppa</subfield>
      <subfield code="h">2272.66548.955</subfield>
      <subfield code="x">tr fr f</subfield>
   </datafield>
   <datafield ind1=" " ind2="0" tag="866">
      <subfield code="0">4173310</subfield>
      <subfield code="a">juz 1-2</subfield>
   </datafield>
   <datafield ind1="8" ind2=" " tag="852">
      <subfield code="0">8777364</subfield>
      <subfield code="b">elf1</subfield>
      <subfield code="h">Electronic Resource</subfield>
   </datafield>
   <datafield ind1=" " ind2=" " tag="959">
      <subfield code="a">2003-04-07 10:56:13 -0500</subfield>
   </datafield>
</record>
